<?xml version="1.0" encoding="UTF-8"?>
<record xmlns="http://www.loc.gov/MARC21/slim">
   <leader>01399cam a22003495i 4500</leader>
   <controlfield tag="001">3195971</controlfield>
   <controlfield tag="003">NjP</controlfield>
   <controlfield tag="005">20190705145758.0</controlfield>
   <controlfield tag="008">000607s1963    iq            000 0 ara d</controlfield>
   <datafield tag="024" ind1="7" ind2=" ">
      <subfield code="a">princeton_aco004452</subfield>
      <subfield code="2">local</subfield>
   </datafield>
   <datafield ind1=" " ind2=" " tag="035">
      <subfield code="9">HA30221TS</subfield>
   </datafield>
   <datafield ind1=" " ind2=" " tag="040">
      <subfield code="a">WAU</subfield>
      <subfield code="c">PUL</subfield>
      <subfield code="d">PUL</subfield>
   </datafield>
   <datafield ind1=" " ind2=" " tag="066">
      <subfield code="c">(3</subfield>
   </datafield>
   <datafield ind1=" " ind2=" " tag="035">
      <subfield code="9">CNQ1685TS</subfield>
   </datafield>
   <datafield ind1=" " ind2=" " tag="035">
      <subfield code="a">(NjP)2822501</subfield>
   </datafield>
   <datafield ind1=" " ind2=" " tag="049">
      <subfield code="a">PULL</subfield>
   </datafield>
   <datafield ind1=" " ind2=" " tag="035">
      <subfield code="a">(OCoLC)ocm14938029</subfield>
   </datafield>
   <datafield ind1="1" ind2=" " tag="110">
      <subfield code="6">880-01</subfield>
      <subfield code="a">Iraq.</subfield>
      <subfield code="b">Wizārat al-Irshād.</subfield>
      <subfield code="0">http://id.loc.gov/authorities/names/n50065572</subfield>
   </datafield>
   <datafield ind1="1" ind2="3" tag="245">
      <subfield code="6">880-02</subfield>
      <subfield code="a">al-Kitāb al-aswad, iʻtirāfāt al-shuyūʻiyīn.</subfield>
   </datafield>
   <datafield ind1=" " ind2=" " tag="260">
      <subfield code="6">880-03</subfield>
      <subfield code="a">Baghdād :</subfield>
      <subfield code="b">Wizārat al-Irshād,</subfield>
      <subfield code="c">1963.</subfield>
   </datafield>
   <datafield ind1=" " ind2=" " tag="300">
      <subfield code="a">123 p.</subfield>
   </datafield>
   <datafield ind1="1" ind2=" " tag="490">
      <subfield code="6">880-04</subfield>
      <subfield code="a">Its: Al-Silsilah al-siyāsīyah ;</subfield>
      <subfield code="v">1</subfield>
   </datafield>
   <datafield ind1=" " ind2="0" tag="651">
      <subfield code="a">Iraq</subfield>
      <subfield code="x">History</subfield>
      <subfield code="y">Revolution, 1963.</subfield>
      <subfield code="0">http://id.loc.gov/authorities/subjects/sh85067953</subfield>
   </datafield>
   <datafield ind1="1" ind2=" " tag="810">
      <subfield code="6">880-05</subfield>
      <subfield code="a">Iraq.</subfield>
      <subfield code="b">Wizārat al-Irshād.</subfield>
      <subfield code="t">Silsilah al-siyāsīyah ;</subfield>
      <subfield code="v">1.</subfield>
   </datafield>
   <datafield ind1="1" ind2=" " tag="880">
      <subfield code="6">110-01/(3/r</subfield>
      <subfield code="a">اراق.</subfield>
      <subfield code="b">وزارة الارشاد.</subfield>
   </datafield>
   <datafield ind1="1" ind2="2" tag="880">
      <subfield code="6">245-02/(3/r</subfield>
      <subfield code="a">الكتاب الاسود، اعترافات الشيوعيين.</subfield>
   </datafield>
   <datafield ind1=" " ind2=" " tag="880">
      <subfield code="6">260-03/(3/r</subfield>
      <subfield code="a">بغداد :</subfield>
      <subfield code="b">وزارة الارشاد،</subfield>
      <subfield code="c">1963.</subfield>
   </datafield>
   <datafield ind1="1" ind2=" " tag="880">
      <subfield code="6">490-04/(3/r</subfield>
      <subfield code="a">Its: السلسلة السياسية ؛</subfield>
      <subfield code="v">1</subfield>
   </datafield>
   <datafield ind1="1" ind2=" " tag="880">
      <subfield code="6">810-05/(3/r</subfield>
      <subfield code="a">Iraq.</subfield>
      <subfield code="b">وزارة الارشاد.</subfield>
      <subfield code="t">سلسلة السياسية ؛</subfield>
      <subfield code="v">1.</subfield>
   </datafield>
   <datafield ind1=" " ind2=" " tag="911">
      <subfield code="a">20000220</subfield>
   </datafield>
   <datafield ind1=" " ind2=" " tag="994">
      <subfield code="a">C0</subfield>
      <subfield code="b">PUL</subfield>
   </datafield>
   <datafield ind1=" " ind2=" " tag="999">
      <subfield code="a">3195971</subfield>
   </datafield>
   <datafield ind1=" " ind2=" " tag="902">
      <subfield code="a">jab</subfield>
      <subfield code="b">r</subfield>
      <subfield code="6">a</subfield>
      <subfield code="7">m</subfield>
      <subfield code="d">v</subfield>
      <subfield code="f">0</subfield>
      <subfield code="e">20110603</subfield>
   </datafield>
   <datafield ind1=" " ind2=" " tag="979">
      <subfield code="a">(OCoLC)ocn177956585</subfield>
   </datafield>
   <datafield ind1="8" ind2="0" tag="852">
      <subfield code="0">3514374</subfield>
      <subfield code="b">rcppa</subfield>
      <subfield code="h">2271.504582.352</subfield>
   </datafield>
   <datafield ind1=" " ind2=" " tag="959">
      <subfield code="a">2000-06-13 00:00:00 -0500</subfield>
   </datafield>
</record>
